@Article{beguinhulliger2008,
    author = {B\'{e}guin, C\'{e}dric and Hulliger, Beat},
    title = {The BACON-EEM Algorithm for Multivariate Outlier Detection in
        Incomplete Survey Data},
    journal = {Survey Methodology},
    year = {2008},
    volume = {Vol. 34, No. 1},
    pages = {91--103}
}
@ARTICLE{billoretal2000,
    author = {N. Billor and A. S. Hadi and P. F. Vellemann},
    title = {{BACON}: Blocked adaptive computationally-efficient outlier
        nominators},
    journal = {Computational Statistics and Data Analysis},
    year = {2000},
    volume = {34},
    pages = {279--298},
    doi = {10.1016/S0167-9473(99)00101-2}
}
@Article{blas2002,
    author = {L. Susan Blackford and Antoine Petitet and Roldan Pozo and
        Karin Remington and R. Clint Whaley and James Demmel and Jack Dongarra
        and Iain Duff and Sven Hammarling and Greg Henry and Michael Heroux
        and Linda Kaufman and Andrew Lumsdaine},
    title = {An updated set of basic linear algebra subprograms ({BLAS})},
    journal = {ACM Transactions on Mathematical Software},
    year = {2002},
    volume = {28},
    pages = {135--151},
    doi = {10.1145/567806.567807}
}
@Manual{hexbin,
    title = {hexbin: Hexagonal Binning Routines},
    author = {D. Carr and N. Lewin-Koh and M. Maechler}
    year = {2021},
    note = {{R} package version 1.28.2. (The package contains copies of
        lattice functions written by Deepayan Sarkar)},
    url = {https://CRAN.R-project.org/package=hexbin}
}
@Book{lapack1999,
    title = {{LAPACK} Users' Guide},
    publisher = {Society for Industrial and Applied Mathematics (SIAM)},
    year = {1999},
    author = {E. Anderson and Z. Bai and C. Bischof and L. S. Blackford and
        J. Demmel and J. Dongarra and J. Du Croz and A. Greenhaum and S.
        Hammarling and A. McKenney and D. Sorensen},
    address = {Philadelphia},
    edition = {3rd}
}
@Manual{modi,
    title = {modi: Multivariate Outlier Detection and Imputation for
        Incomplete Survey Data},
    author = {B. Hulliger and M. Sterchi},
    year = {2020},
    note = {{R} package version 0.1-0},
    url = {https://CRAN.R-project.org/package=modi}
}
@Article{qiujoe2006,
    author = {Q. Qiu and H. Joe},
    title = {Separation index and partial membership for clustering},
    journal = {Computational Statistics and Data Analysis},
    year = {2006},
    volume = {50},
    pages = {585--603},
    doi = {10.1016/j.csda.2004.09.009}
}
@Manual{r2021,
    title = {R: A Language and Environment for Statistical Computing},
    author = {{R Core Team}},
    organization = {R Foundation for Statistical Computing},
    address = {Vienna, Austria},
    year = {2021},
    url = {https://www.R-project.org/},
}
@Manual{robustx,
    title = {robustX: 'eXtra' / 'eXperimental' Functionality for Robust
        Statistics},
    author = {M. Maechler and W. A. Stahel and R. Turner and U. Oetliker
        and T. Schoch}
    year = {2021},
    note = {{R} package version 1.2.5},
    url = {https://CRAN.R-project.org/package=robustX}
}
@Article{willemsetal2009,
    author = {G, Willems and H. Joe and R. Zamar},
    title = {Diagnosing Multivariate Outliers Detected by Robust Estimators},
    journal = {Journal of Computational and Graphical Statistics},
    year = {2009},
    volume = {18},
    pages = {73--91},
    doi = {10.1198/jcgs.2009.0005}
}
@Article{rousseeuwvanzomeren1990,
    author = {P. J. Rousseeuw and K. van Zomeren},
    title = {Unmasking Multivariate Outliers and Leverage Points},
    journal = {Journal of the American Statistical Association},
    year = {1990},
    volume = {411},
    pages = {633--639},
    doi = {10.1080/01621459.1990.10474920}
}
@Manual{openmp2018,
    title = {OpenMP Application Program Interface},
    author = {{OpenMP} Architecture Review Board}
    year = {2018},
    note = {Version 5.0},
    url = {https://https://www.openmp.org}
}
